@article{Klein2006,
author = {Klein, Vladislav and Morelli, Eugene A.},
file = {:C$\backslash$:/Users/valverdea/Documents/Mendeley/Unknown - Unknown - Aircraft System Identification Theory and Practice.pdf:pdf},
title = {{Aircraft System Identification Theory and Practice}},
year = {2006}
}
@book{Remple2006,
author = {Remple, Robert K. and Tischler, Mark B.},
doi = {10.2514/4.861352},
file = {:C$\backslash$:/Users/valverdea/Documents/Mendeley/Remple, Tischler - 2006 - Aircraft and Rotorcraft System Identification.pdf:pdf},
isbn = {978-1-56347-837-6},
title = {{Aircraft and Rotorcraft System Identification}},
year = {2006}
}
@article{Morelli2011,
author = {Morelli, Gene and Derry, Steve},
file = {:C$\backslash$:/Users/valverdea/Documents/Mendeley/Morelli, Derry - 2011 - System Identification Methods for Aerodynamic Modeling and Validation using Flight Data.pdf:pdf},
title = {{System Identification Methods for Aerodynamic Modeling and Validation using Flight Data}},
year = {2011}
}
@article{Morelli2011a,
author = {Morelli, Gene},
file = {:C$\backslash$:/Users/valverdea/Documents/Mendeley/Morelli - 2011 - Aircraft System Identification.pdf:pdf},
title = {{Aircraft System Identification}},
year = {2011}
}
@book{Cooke,
author = {{Cooke, A. K.}, Fitzpatrick E. W. H.},
file = {:D$\backslash$:/Mendeley Documents/Helicopter Test and Evaluation{\_}2002{\_}Cooke, A. K.pdf:pdf},
isbn = {0632052473},
keywords = {doi:10.1029/9,http://dx.doi.org/10.1029/96GL03369},
number = {24},
title = {{Helicopter Test and Evaluation}},
volume = {23},
year = {2002}
}